%% This BibTeX bibliography file was created using BibDesk.
%% http://bibdesk.sourceforge.net/

%% Created for miaoyan at 2017-07-17 11:30:10 -0400 


%% Saved with string encoding Unicode (UTF-8) 
@string{aistats = {International Conference on Artificial Intelligence and Statistics}}

@string{aoas = {Annals of Applied Statistics}}

@string{aos = {Annals of Statistics}}

@string{colt = {Conference on Learning Theory}}

@string{ejs = {Electronic Journal of Statistics}}

@string{icml = {International Conference on Machine Learning}}

@string{jasa = {Journal of the American Statistical Association}}

@string{jmlr = {Journal of Machine Learning Research}}

@string{jrssb = {Journal of the Royal Statistical Society, Series B}}

@string{jspi = {Journal of Statistical Planning and Inference}}

@string{nips = {Advances in Neural Information Processing Systems}}

@string{tit = {IEEE Transactions on Information Theory}}

@string{uai = {Conference on Uncertainty in Artificial Intelligence}}

@article{lazzeroni2002plaid,
  title={Plaid models for gene expression data},
  author={Lazzeroni, Laura and Owen, Art},
  journal={Statistica sinica},
  pages={61--86},
  year={2002},
  publisher={JSTOR}
}

@inproceedings{erdos2013walk,
  title={Walk'n'Merge: a scalable algorithm for Boolean tensor factorization},
  author={Erdos, D{\'o}ra and Miettinen, Pauli},
  booktitle={2013 IEEE 13th International Conference on Data Mining},
  pages={1037--1042},
  year={2013},
  organization={IEEE}
}

@article{madeira2004biclustering,
  title={Biclustering algorithms for biological data analysis: a survey},
  author={Madeira, Sara C and Oliveira, Arlindo L},
  journal={IEEE/ACM Transactions on Computational Biology and Bioinformatics (TCBB)},
  volume={1},
  number={1},
  pages={24--45},
  year={2004},
  publisher={IEEE Computer Society Press}
}

@inproceedings{miettinen2011boolean,
  title={Boolean tensor factorizations},
  author={Miettinen, Pauli},
  booktitle={2011 IEEE 11th International Conference on Data Mining},
  pages={447--456},
  year={2011},
  organization={IEEE}
}

@article{candes2018phase,
  title={The phase transition for the existence of the maximum likelihood estimate in high-dimensional logistic regression},
  author={Cand{\`e}s, Emmanuel J and Sur, Pragya},
  journal={The Annals of Statistics},
  year={to appear}
}


@book{Lange:2012:NAS:2432073,
 author = {Lange, Kenneth},
 title = {Numerical Analysis for Statisticians},
 year = {2012},
 isbn = {146142612X, 9781461426127},
 edition = {2nd},
 publisher = {Springer Publishing Company, Incorporated},
} 


@article{bezdek2003convergence,
  title={Convergence of alternating optimization},
  author={Bezdek, James C and Hathaway, Richard J},
  journal={Neural, Parallel \& Scientific Computations},
  volume={11},
  number={4},
  pages={351--368},
  year={2003},
  publisher={Dynamic Publishers, Inc.}
}

@article{uschmajew2012local,
  title={Local convergence of the alternating least squares algorithm for canonical tensor approximation},
  author={Uschmajew, Andr{\'e}},
  journal={SIAM Journal on Matrix Analysis and Applications},
  volume={33},
  number={2},
  pages={639--652},
  year={2012},
  publisher={SIAM}
}

@article{sur2018modern,
  title={A modern maximum-likelihood theory for high-dimensional logistic regression},
  author={Sur, Pragya and Cand{\`e}s, Emmanuel J},
  journal={arXiv preprint arXiv:1803.06964},
  year={2018}
}

@inproceedings{ge2016matrix,
  title={Matrix completion has no spurious local minimum},
  author={Ge, Rong and Lee, Jason D and Ma, Tengyu},
  booktitle={Advances in Neural Information Processing Systems},
  pages={2973--2981},
  year={2016}
}

@article{roland2017role,
  title={On the role of the corpus callosum in interhemispheric functional connectivity in humans},
  author={Roland, Jarod L and Snyder, Abraham Z and Hacker, Carl D and Mitra, Anish and Shimony, Joshua S and Limbrick, David D and Raichle, Marcus E and Smyth, Matthew D and Leuthardt, Eric C},
  journal={Proceedings of the National Academy of Sciences},
  volume={114},
  number={50},
  pages={13278--13283},
  year={2017},
  publisher={National Acad Sciences}
}

@article{goldberg2006brain,
  title={When the brain loses its self: prefrontal inactivation during sensorimotor processing},
  author={Goldberg, Ilan I and Harel, Michal and Malach, Rafael},
  journal={Neuron},
  volume={50},
  number={2},
  pages={329--339},
  year={2006},
  publisher={Elsevier}
}

@article{xia2013brainnet,
  title={BrainNet Viewer: a network visualization tool for human brain connectomics},
  author={Xia, Mingrui and Wang, Jinhui and He, Yong},
  journal={PloS one},
  volume={8},
  number={7},
  pages={e68910},
  year={2013},
  publisher={Public Library of Science}
}


@inproceedings{rai2014scalable,
  title={Scalable Bayesian low-rank decomposition of incomplete multiway tensors},
  author={Rai, Piyush and Wang, Yingjian and Guo, Shengbo and Chen, Gary and Dunson, David and Carin, Lawrence},
  booktitle={International Conference on Machine Learning},
  pages={1800--1808},
  year={2014}
}

@inproceedings{acar2010scalable,
  title={Scalable tensor factorizations with missing data},
  author={Acar, Evrim and Dunlavy, Daniel M and Kolda, Tamara G and M{\o}rup, Morten},
  booktitle={Proceedings of the 2010 SIAM international conference on data mining},
  pages={701--712},
  year={2010},
  organization={SIAM}
}

@article{london2013multi,
  title={Multi-relational learning using weighted tensor decomposition with modular loss},
  author={London, Ben and Rekatsinas, Theodoros and Huang, Bert and Getoor, Lise},
  journal={arXiv preprint arXiv:1303.1733},
  year={2013}
}


@article{zhang2018mapping,
  title={Mapping population-based structural connectomes},
  author={Zhang, Zhengwu and Descoteaux, Maxime and Zhang, Jingwen and Girard, Gabriel and Chamberland, Maxime and Dunson, David and Srivastava, Anuj and Zhu, Hongtu},
  journal={NeuroImage},
  volume={172},
  pages={130--145},
  year={2018},
  publisher={Elsevier}
}

@article{desikan2006automated,
  title={An automated labeling system for subdividing the human cerebral cortex on MRI scans into gyral based regions of interest},
  author={Desikan, Rahul S and S{\'e}gonne, Florent and Fischl, Bruce and Quinn, Brian T and Dickerson, Bradford C and Blacker, Deborah and Buckner, Randy L and Dale, Anders M and Maguire, R Paul and Hyman, Bradley T and others},
  journal={Neuroimage},
  volume={31},
  number={3},
  pages={968--980},
  year={2006},
  publisher={Elsevier}
}

@article{denham2005multiple,
  title={Multiple measures of {Alyawarra} kinship},
  author={Denham, Woodrow W and White, Douglas R},
  journal={Field Methods},
  volume={17},
  number={1},
  pages={70--101},
  year={2005},
  publisher={Sage Publications Sage CA: Thousand Oaks, CA}
}

@inproceedings{mu2014square,
  title={Square deal: Lower bounds and improved relaxations for tensor recovery},
  author={Mu, Cun and Huang, Bo and Wright, John and Goldfarb, Donald},
  booktitle={International Conference on Machine Learning},
  pages={73--81},
  year={2014}
}

@inproceedings{lafond2015low,
  title={Low rank matrix completion with exponential family noise},
  author={Lafond, Jean},
  booktitle={Conference on Learning Theory},
  pages={1224--1243},
  year={2015}
}

@article{tucker1966some,
  title={Some mathematical notes on three-mode factor analysis},
  author={Tucker, Ledyard R},
  journal={Psychometrika},
  volume={31},
  number={3},
  pages={279--311},
  year={1966},
  publisher={Springer}
}
@inproceedings{bhaskara2014uniqueness,
  title={Uniqueness of tensor decompositions with applications to polynomial identifiability},
  author={Bhaskara, Aditya and Charikar, Moses and Vijayaraghavan, Aravindan},
  booktitle={Conference on Learning Theory},
  pages={742--778},
  year={2014}
}

@article{de2006link,
  title={A link between the canonical decomposition in multilinear algebra and simultaneous matrix diagonalization},
  author={De Lathauwer, Lieven},
  journal={SIAM journal on Matrix Analysis and Applications},
  volume={28},
  number={3},
  pages={642--666},
  year={2006},
  publisher={SIAM}
}

@article{kruskal1977three,
  title={Three-way arrays: rank and uniqueness of trilinear decompositions, with application to arithmetic complexity and statistics},
  author={Kruskal, Joseph B},
  journal={Linear algebra and its applications},
  volume={18},
  number={2},
  pages={95--138},
  year={1977},
  publisher={North-Holland}
}

@article{landgraf2015dimensionality,
  title={Dimensionality reduction for binary data through the projection of natural parameters},
  author={Landgraf, Andrew J and Lee, Yoonkyung},
  journal={arXiv preprint arXiv:1510.06112},
  year={2015}
}

@article{oseledets2011tensor,
  title={Tensor-train decomposition},
  author={Oseledets, Ivan V},
  journal={SIAM Journal on Scientific Computing},
  volume={33},
  number={5},
  pages={2295--2317},
  year={2011},
  publisher={SIAM}
}

@article{bhaskar2016probabilistic,
  title={Probabilistic low-rank matrix completion from quantized measurements},
  author={Bhaskar, Sonia A},
  journal={The Journal of Machine Learning Research},
  volume={17},
  number={1},
  pages={2131--2164},
  year={2016},
  publisher={JMLR. org}
}

@article{wang2017sparse,
  title={Sparse recovery: from vectors to tensors},
  author={Wang, Yao and Meng, Deyu and Yuan, Ming},
  journal={National Science Review},
  year={2017},
  pages={1-12},
  volume={00}
}


@article{cong2015tensor,
  title={Tensor decomposition of {EEG} signals: a brief review},
  author={Cong, Fengyu and Lin, Qiu-Hua and Kuang, Li-Dan and Gong, Xiao-Feng and Astikainen, Piia and Ristaniemi, Tapani},
  journal={Journal of neuroscience methods},
  volume={248},
  pages={59--69},
  year={2015},
  publisher={Elsevier}
}

@article{zhou2013tensor,
  title={Tensor regression with applications in neuroimaging data analysis},
  author={Zhou, Hua and Li, Lexin and Zhu, Hongtu},
  journal={Journal of the American Statistical Association},
  volume={108},
  number={502},
  pages={540--552},
  year={2013},
  publisher={Taylor \& Francis Group}
}

@article{ghadermarzy2018learning,
  title={Learning tensors from partial binary measurements},
  author={Ghadermarzy, Navid and Plan, Yaniv and Yilmaz, Ozgur},
  journal={arXiv preprint arXiv:1804.00108},
  year={2018}
}

@article{wang2017common,
  title={Common and individual structure of multiple networks},
  author={Wang, Lu and Zhang, Zhengwu and Dunson, David},
  journal={arXiv preprint arXiv:1707.06360},
  year={2017}
}

@inproceedings{nickel2011three,
  title={A Three-Way Model for Collective Learning on Multi-Relational Data},
  author={Nickel, Maximilian and Tresp, Volker and Kriegel, Hans-Peter},
   booktitle={International Conference on Machine Learning},
   pages={809--816},
  volume={11},
  year={2011}
}

@book{boyd2004convex,
  title={Convex optimization},
  author={Boyd, Stephen and Vandenberghe, Lieven},
  year={2004},
  publisher={Cambridge university press}
}

@article{hu2015relations,
  title={Relations of the nuclear norm of a tensor and its matrix flattenings},
  author={Hu, Shenglong},
  journal={Linear Algebra and its Applications},
  volume={478},
  pages={188--199},
  year={2015},
  publisher={Elsevier}
}

@article{de2008tensor,
  title={Tensor rank and the ill-posedness of the best low-rank approximation problem},
  author={De Silva, Vin and Lim, Lek-Heng},
  journal={SIAM Journal on Matrix Analysis and Applications},
  volume={30},
  number={3},
  pages={1084--1127},
  year={2008},
  publisher={SIAM}
}

@article{hillar2013most,
  title={Most tensor problems are {NP}-hard},
  author={Hillar, Christopher J and Lim, Lek-Heng},
  journal={Journal of the ACM (JACM)},
  volume={60},
  number={6},
  pages={45},
  year={2013},
  publisher={ACM}
}

@article{liu2013tensor,
  title={Tensor completion for estimating missing values in visual data},
  author={Liu, Ji and Musialski, Przemyslaw and Wonka, Peter and Ye, Jieping},
  journal={IEEE transactions on pattern analysis and machine intelligence},
  volume={35},
  number={1},
  pages={208--220},
  year={2013},
  publisher={IEEE}
}


@inproceedings{tang2013tensor,
  title={Tensor analyzers},
  author={Tang, Yichuan and Salakhutdinov, Ruslan and Hinton, Geoffrey},
  booktitle={International Conference on Machine Learning},
  pages={163--171},
  year={2013}
}


@inproceedings{arora2016provable,
  title={Provable algorithms for inference in topic models},
  author={Arora, Sanjeev and Ge, Rong and Koehler, Frederic and Ma, Tengyu and Moitra, Ankur},
  booktitle={International Conference on Machine Learning},
  pages={2859--2867},
  year={2016}
}


@inproceedings{socher2013reasoning,
  title={Reasoning with neural tensor networks for knowledge base completion},
  author={Socher, Richard and Chen, Danqi and Manning, Christopher D and Ng, Andrew},
  booktitle={Advances in neural information processing systems},
  pages={926--934},
  year={2013}
}

@article{belohlavek2013optimal,
  title={Optimal factorization of three-way binary data using triadic concepts},
  author={Belohlavek, Radim and Glodeanu, Cynthia and Vychodil, Vilem},
  journal={Order},
  volume={30},
  number={2},
  pages={437--454},
  year={2013},
  publisher={Springer}
}

@article{bulat2019matrix,
  title={Matrix and tensor decompositions for training binary neural networks},
  author={Bulat, Adrian and Kossaifi, Jean and Tzimiropoulos, Georgios and Pantic, Maja},
  journal={arXiv preprint arXiv:1904.07852},
  year={2019}
}

@article{bulat2019matrix,
  title={Matrix and tensor decompositions for training binary neural networks},
  author={Bulat, Adrian and Kossaifi, Jean and Tzimiropoulos, Georgios and Pantic, Maja},
  journal={arXiv preprint arXiv:1904.07852},
  year={2019}
}

@article{albert1984existence,
  title={On the existence of maximum likelihood estimates in logistic regression models},
  author={Albert, Adelin and Anderson, John A},
  journal={Biometrika},
  volume={71},
  number={1},
  pages={1--10},
  year={1984},
  publisher={Oxford University Press}
}

@inproceedings{hu2018training,
  title={Training Binary Weight Networks via Semi-Binary Decomposition},
  author={Hu, Qinghao and Li, Gang and Wang, Peisong and Zhang, Yifan and Cheng, Jian},
  booktitle={Proceedings of the European Conference on Computer Vision (ECCV)},
  pages={637--653},
  year={2018}
}

@inproceedings{erdos2013discovering,
  title={Discovering facts with boolean tensor tucker decomposition},
  author={Erdos, D{\'o}ra and Miettinen, Pauli},
  booktitle={Proceedings of the 22nd ACM international conference on Information \& Knowledge Management},
  pages={1569--1572},
  year={2013},
  organization={ACM}
}

@article{bro2003new,
  title={A new efficient method for determining the number of components in PARAFAC models},
  author={Bro, Rasmus and Kiers, Henk AL},
  journal={Journal of Chemometrics: A Journal of the Chemometrics Society},
  volume={17},
  number={5},
  pages={274--286},
  year={2003},
  publisher={Wiley Online Library}
}

@inproceedings{oh2018scalable,
  title={Scalable tucker factorization for sparse tensors-algorithms and discoveries},
  author={Oh, Sejoon and Park, Namyong and Lee, Sael and Kang, U},
  booktitle={2018 IEEE 34th International Conference on Data Engineering (ICDE)},
  pages={1120--1131},
  year={2018},
  organization={IEEE}
}

@inproceedings{park2017fast,
  title={Fast and scalable distributed boolean tensor factorization},
  author={Park, Namyong and Oh, Sejoon and Kang, U},
  booktitle={2017 IEEE 33rd International Conference on Data Engineering (ICDE)},
  pages={1071--1082},
  year={2017},
  organization={IEEE}
}

@inproceedings{rukat2018probabilistic,
  title={Probabilistic boolean tensor decomposition},
  author={Rukat, Tammo and Holmes, Chris and Yau, Christopher},
  booktitle={International conference on machine learning},
  pages={4410--4419},
  year={2018}
}

@article{mavzgut2014dimensionality,
  title={Dimensionality reduction and topographic mapping of binary tensors},
  author={Ma{\v{z}}gut, Jakub and Ti{\v{n}}o, Peter and Bod{\'e}n, Mikael and Yan, Hong},
  journal={Pattern Analysis and Applications},
  volume={17},
  number={3},
  pages={497--515},
  year={2014},
  publisher={Springer}
}

@article{lee2010sparse,
  title={Sparse logistic principal components analysis for binary data},
  author={Lee, Seokho and Huang, Jianhua Z and Hu, Jianhua},
  journal={The annals of applied statistics},
  volume={4},
  number={3},
  pages={1579},
  year={2010},
  publisher={NIH Public Access}
}

@article{de2006principal,
  title={Principal component analysis of binary data by iterated singular value decomposition},
  author={De Leeuw, Jan},
  journal={Computational statistics \& data analysis},
  volume={50},
  number={1},
  pages={21--39},
  year={2006},
  publisher={Elsevier}
}

@inproceedings{collins2002generalization,
  title={A generalization of principal components analysis to the exponential family},
  author={Collins, Michael and Dasgupta, Sanjoy and Schapire, Robert E},
  booktitle={Advances in neural information processing systems},
  pages={617--624},
  year={2002}
}

@article{nguyen2015tensor,
  title={Tensor sparsification via a bound on the spectral norm of random tensors},
  author={Nguyen, Nam H and Drineas, Petros and Tran, Trac D},
  journal={Information and Inference: A Journal of the IMA},
  volume={4},
  number={3},
  pages={195--229},
  year={2015},
  publisher={Oxford University Press}
}

@article{abbe2017community,
  title={Community detection and stochastic block models: recent developments},
  author={Abbe, Emmanuel},
  journal={The Journal of Machine Learning Research},
  volume={18},
  number={1},
  pages={6446--6531},
  year={2017},
  publisher={JMLR. org}
}

@article{rohe2011spectral,
  title={Spectral clustering and the high-dimensional stochastic blockmodel},
  author={Rohe, Karl and Chatterjee, Sourav and Yu, Bin and others},
  journal={The Annals of Statistics},
  volume={39},
  number={4},
  pages={1878--1915},
  year={2011},
  publisher={Institute of Mathematical Statistics}
}

@article{anandkumar2014tensor,
  title={Tensor decompositions for learning latent variable models},
  author={Anandkumar, Animashree and Ge, Rong and Hsu, Daniel and Kakade, Sham M and Telgarsky, Matus},
  journal={The Journal of Machine Learning Research},
  volume={15},
  number={1},
  pages={2773--2832},
  year={2014},
  publisher={JMLR. org}
}


@article{hore2016tensor,
  title={Tensor decomposition for multiple-tissue gene expression experiments},
  author={Hore, Victoria and Vi{\~n}uela, Ana and Buil, Alfonso and Knight, Julian and McCarthy, Mark I and Small, Kerrin and Marchini, Jonathan},
  journal={Nature genetics},
  volume={48},
  number={9},
  pages={1094},
  year={2016},
  publisher={Nature Publishing Group}
}

@inproceedings{wang2017tensor,
  title={Tensor decompositions via two-mode higher-order {SVD} ({HOSVD})},
  author={Wang, Miaoyan and Song, Yun},
  booktitle={Artificial Intelligence and Statistics},
  pages={614--622},
  year={2017}
}

@article{wang2017three,
  title={Three-way clustering of multi-tissue multi-individual gene expression data using constrained tensor decomposition},
  author={Wang, Miaoyan and Fischer, Jonathan and Song, Yun S},
  journal={bioRxiv 229245},
  year={2017},
  publisher={Cold Spring Harbor Laboratory}
}

@article{friedland2018nuclear,
  title={Nuclear norm of higher-order tensors},
  author={Friedland, Shmuel and Lim, Lek-Heng},
  journal={Mathematics of Computation},
  volume={87},
  number={311},
  pages={1255--1281},
  year={2018}
}

@article{jiang2017tensor,
  title={Tensor and its {Tucker} core: the invariance relationships},
  author={Jiang, Bo and Yang, Fan and Zhang, Shuzhong},
  journal={Numerical Linear Algebra with Applications},
  volume={24},
  number={3},
  pages={e2086},
  year={2017},
  publisher={Wiley Online Library}
}

@article{hong2018generalized,
  title={Generalized Canonical Polyadic Tensor Decomposition},
  author={Hong, David and Kolda, Tamara G and Duersch, Jed A},
  journal={arXiv preprint arXiv:1808.07452},
  year={2018}
}

@article{wang2017operator,
  title={Operator norm inequalities between tensor unfoldings on the partition lattice},
  author={Wang, Miaoyan and Duc, Khanh Dao and Fischer, Jonathan and Song, Yun S},
  journal={Linear algebra and its applications},
  volume={520},
  pages={44--66},
  year={2017},
  publisher={Elsevier}
}

@article{tomioka2014spectral,
  title={Spectral norm of random tensors},
  author={Tomioka, Ryota and Suzuki, Taiji},
  journal={arXiv preprint arXiv:1407.1870},
  year={2014}
}

@article{rivasplata2012subgaussian,
  title={Subgaussian random variables: An expository note},
  author={Rivasplata, Omar},
  journal={Internet publication},
  year={2012}
}

@misc{tsybakov2009introduction,
  title={Introduction to nonparametric estimation. Revised and extended from the 2004 French original. Translated by {Vladimir Zaiats}},
  author={Tsybakov, Alexandre B},
  year={2009},
  publisher={Springer Series in Statistics. Springer, New York}
}

@inproceedings{rai2015leveraging,
  title={Leveraging Features and Networks for Probabilistic Tensor Decomposition},
  author={Rai, Piyush and Wang, Yingjian and Carin, Lawrence},
  booktitle={Proceedings of the Twenty-Ninth AAAI Conference on Artificial Intelligence},
  year={2015},
  pages={2942--2948}
}

@inproceedings{zhe2015scalable,
  title={Scalable nonparametric multiway data analysis},
  author={Zhe, Shandian and Xu, Zenglin and Chu, Xinqi and Qi, Yuan and Park, Youngja},
  booktitle={Artificial Intelligence and Statistics},
  pages={1125--1134},
  year={2015}
}

@inproceedings{zhe2016distributed,
  title={Distributed flexible nonlinear tensor factorization},
  author={Zhe, Shandian and Zhang, Kai and Wang, Pengyuan and Lee, Kuang-chih and Xu, Zenglin and Qi, Yuan and Ghahramani, Zoubin},
  booktitle={Advances in Neural Information Processing Systems},
  pages={928--936},
  year={2016}
}

@inproceedings{rai2015scalable,
  title={Scalable Probabilistic Tensor Factorization for Binary and Count Data},
  author={Rai, Piyush and Hu, Changwei and Harding, Matthew and Carin, Lawrence},
  booktitle={Proceedings of the Twenty-Fourth International Joint Conference on Artificial Intelligence},
  pages={3770--3776},
  year={2015}
}

@inproceedings{kemp2006learning,
  title={Learning systems of concepts with an infinite relational model},
  author={Kemp, Charles and Tenenbaum, Joshua B and Griffiths, Thomas L and Yamada, Takeshi and Ueda, Naonori},
  booktitle={American Association for Artificial Intelligence},
  pages={381--388},
  year={2006}
}

@article{koltchinskii2011nuclear,
  title={Nuclear-norm penalization and optimal rates for noisy low-rank matrix completion},
  author={Koltchinskii, Vladimir and Lounici, Karim and Tsybakov, Alexandre B and others},
  journal={The Annals of Statistics},
  volume={39},
  number={5},
  pages={2302--2329},
  year={2011},
  publisher={Institute of Mathematical Statistics}
}


@inproceedings{bhaskar20151,
  title={1-bit matrix completion under exact low-rank constraint},
  author={Bhaskar, Sonia A and Javanmard, Adel},
  booktitle={Information Sciences and Systems (CISS), 2015 49th Annual Conference on},
  pages={1--6},
  year={2015},
  organization={IEEE}
}

@article{cai2013max,
  title={A max-norm constrained minimization approach to 1-bit matrix completion},
  author={Cai, Tony and Zhou, Wen-Xin},
  journal={The Journal of Machine Learning Research},
  volume={14},
  number={1},
  pages={3619--3647},
  year={2013},
  publisher={JMLR. org}
}

@article{davenport2014,
  title={1-bit matrix completion},
  author={Davenport, Mark A and Plan, Yaniv and Van Den Berg, Ewout and Wootters, Mary},
  journal={Information and Inference: A Journal of the IMA},
  volume={3},
  number={3},
  pages={189--223},
  year={2014},
  publisher={OUP}
}

@article{zhang2019optimal,
  title={Optimal sparse singular value decomposition for high-dimensional high-order data},
  author={Zhang, Anru and Han, Rungang},
  journal={Journal of the American Statistical Association},
  pages={1--34},
  year={2019},
  publisher={Taylor \& Francis}
}

@article{gao2016optimal,
  title={Optimal estimation and completion of matrices with biclustering structures},
  author={Gao, Chao and Lu, Yu and Ma, Zongming and Zhou, Harrison H},
  journal={The Journal of Machine Learning Research},
  volume={17},
  number={1},
  pages={5602--5630},
  year={2016},
  publisher={JMLR. org}
}
@article{chi2018provable,
  title={Provable convex co-clustering of tensors},
  author={Chi, Eric C and Gaines, Brian R and Sun, Will Wei and Zhou, Hua and Yang, Jian},
  journal={arXiv preprint arXiv:1803.06518},
  year={2018}
}

@article{aloise2009np,
  title={NP-hardness of Euclidean sum-of-squares clustering},
  author={Aloise, Daniel and Deshpande, Amit and Hansen, Pierre and Popat, Preyas},
  journal={Machine learning},
  volume={75},
  number={2},
  pages={245--248},
  year={2009},
  publisher={Springer}
}

@article{gao2018minimax,
  title={Minimax Rates in Network Analysis: Graphon Estimation, Community Detection and Hypothesis Testing},
  author={Gao, Chao and Ma, Zongming},
  journal={arXiv preprint arXiv:1811.06055},
  year={2018}
}

@article{zhang2018tensor,
  title={Tensor {SVD}: Statistical and Computational Limits},
  author={Zhang, Anru and Xia, Dong},
  journal={IEEE Transactions on Information Theory},
  year={2018},
  publisher={IEEE}
}

@article{abdi2003factor,
  title={Factor rotations in factor analyses},
  author={Abdi, Herv{\'e}}
}

@article{hitchcock1927expression,
  title={The expression of a tensor or a polyadic as a sum of products},
  author={Hitchcock, Frank L},
  journal={Journal of Mathematics and Physics},
  volume={6},
  number={1-4},
  pages={164--189},
  year={1927},
  publisher={Wiley Online Library}
}

@article{darton1980rotation,
  title={Rotation in factor analysis},
  author={Darton, Robin A},
  journal={Journal of the Royal Statistical Society: Series D (The Statistician)},
  volume={29},
  number={3},
  pages={167--194},
  year={1980},
  publisher={Wiley Online Library}
}


@article{kolda2009tensor,
  title={Tensor decompositions and applications},
  author={Kolda, Tamara G and Bader, Brett W},
  journal={SIAM review},
  volume={51},
  number={3},
  pages={455--500},
  year={2009},
  publisher={SIAM}
}

@article{sun2016decomp,
author = {Sun, Will Wei and Lu, Junwei and Liu, Han and Cheng, Guang},
title = {Provable sparse tensor decomposition},
journal = {Journal of the Royal Statistical Society: Series B (Statistical Methodology)},
volume = {79},
number = {3},
pages = {899-916},
year = {2017}, 
keywords = {Global convergence, Latent variable models, Non-convex optimization, Sparsity, Tensor decomposition},
doi = {10.1111/rssb.12190},
eprint = {https://rss.onlinelibrary.wiley.com/doi/pdf/10.1111/rssb.12190},
abstract = {Summary We propose a novel sparse tensor decomposition method, namely the tensor truncated power method, that incorporates variable selection in the estimation of decomposition components. The sparsity is achieved via an efficient truncation step embedded in the tensor power iteration. Our method applies to a broad family of high dimensional latent variable models, including high dimensional Gaussian mixtures and mixtures of sparse regressions. A thorough theoretical investigation is further conducted. In particular, we show that the final decomposition estimator is guaranteed to achieve a local statistical rate, and we further strengthen it to the global statistical rate by introducing a proper initialization procedure. In high dimensional regimes, the statistical rate obtained significantly improves those shown in the existing non-sparse decomposition methods. The empirical advantages of tensor truncated power are confirmed in extensive simulation results and two real applications of click-through rate prediction and high dimensional gene clustering.}
}

@article{bi2018recom,
author = "Bi, Xuan and Qu, Annie and Shen, Xiaotong",
doi = "10.1214/17-AOS1659",
fjournal = "The Annals of Statistics",
journal = "Ann. Statist.",
month = "12",
number = "6B",
pages = "3308--3333",
publisher = "The Institute of Mathematical Statistics",
title = "Multilayer tensor factorization with applications to recommender systems",
volume = "46",
year = "2018"
}

@article{raskutti2015convex,
  title={Convex Regularization for High-Dimensional Multi-Response Tensor Regression},
  author={Raskutti, Garvesh and Yuan, Ming and Chen, Han},
  journal={arXiv preprint arXiv:1512.01215},
  year={2015}
}

@article{chen2016non,
  title={Non-Convex Projected Gradient Descent for Generalized Low-Rank Tensor Regression},
  author={Chen, Han and Raskutti, Garvesh and Yuan, Ming},
  journal={arXiv preprint arXiv:1611.10349},
  year={2016}
}

@article{sun2017store,
  title={STORE: Sparse Tensor Response Regression and Neuroimaging Analysis},
  author={Sun, Wei and Li, Lexin},
  journal={Journal of Machine Learning Research},
  volume = {18},
  issue = {1}, 
  pages = {4908--4944}, 
  year={2017}
}




